<?xml version="1.0" encoding="UTF-8"?><collection xmlns="http://www.loc.gov/MARC21/slim"><record><leader>00372nam--2200133-i-4500</leader><controlfield tag="001">000046813</controlfield><controlfield tag="002">20161230</controlfield><controlfield tag="005">20161230201046</controlfield><controlfield tag="008">060222s1000------------r-----000-0-eng-d</controlfield><datafield ind1=" " ind2=" " tag="080"><subfield code="a">33</subfield></datafield><datafield ind1=" " ind2=" " tag="100"><subfield code="a">Wallich, Henry C</subfield></datafield><datafield ind1=" " ind2=" " tag="245"><subfield code="a">The monetary crisis of 1971 - the lessons to learned. 24 ept.1972</subfield></datafield><datafield ind1=" " ind2=" " tag="260"><subfield code="a">Washington, The Per Jacobson-foundation, 1972, 84p</subfield></datafield><datafield ind1=" " ind2=" " tag="852"><subfield code="a">39165</subfield></datafield></record></collection>